<?xml version="1.0" encoding="UTF-8"?><collection xmlns="http://www.loc.gov/MARC21/slim"><record><leader>00411nam--2200133-i-4500</leader><controlfield tag="001">000005718</controlfield><controlfield tag="002">20161230</controlfield><controlfield tag="005">20161230201026</controlfield><controlfield tag="008">060222s1000------------r-----000-0-eng-d</controlfield><datafield ind1=" " ind2=" " tag="100"><subfield code="a">Been, U</subfield></datafield><datafield ind1=" " ind2=" " tag="245"><subfield code="a">Experience on radioisotope production in norwa y</subfield></datafield><datafield ind1=" " ind2=" " tag="260"><subfield code="a">Kjeller, Institut For Atomenergi, 1961 13 P</subfield></datafield><datafield ind1=" " ind2=" " tag="490"><subfield code="a">Symposium On The Programming And Utilization O F Research Reactors, Vienna</subfield></datafield><datafield ind1=" " ind2=" " tag="852"><subfield code="a">16900</subfield></datafield></record></collection>